@misc{docGLF1,
    author = {Dusan Kolar}, 
    title = {Dusan-Notes},
    howpublished={\url{https://campusvirtual.uva.es/pluginfile.php/1156983/mod_folder/content/0/Dusan-Notes.pdf?forcedownload=1}}
}

@misc{docGLF2,
  author = {Dusan Kolar},
  title = {Dusan-Slides},
  howpublished={\url{https://campusvirtual.uva.es/pluginfile.php/1156983/mod_folder/content/0/Dusan-Slides.pdf?forcedownload=1}}
}

@misc{docGLF3,
    author = {Pamela Aaby}, 
    title = {Compiler Construction using Flex and Bison},
    howpublished={\url{http://pegaso.ls.fi.upm.es/~jfuertes/Software/compiler.pdf}}
}

@misc{docGLF4,
  author = {Alfred Aho, Ravi Sethi, Jeffrey Ullman, Monica S. Lam},
  title = {Compilers: Principles, Techniques, and Tools},
  howpublished={\url{http://ce.sharif.edu/courses/94-95/1/ce414-2/resources/root/Text%20Books/Compiler%20Design/Alfred%20V.%20Aho,%20Monica%20S.%20Lam,%20Ravi%20Sethi,%20Jeffrey%20D.%20Ullman-Compilers%20-%20Principles,%20Techniques,%20and%20Tools-Pearson_Addison%20Wesley%20(2006).pdf}}
}

@misc{docGLF5,
    author = {GeeksforGeeks Community},
    title = {Print Binary Tree in 2-Dimensions},
    howpublished = {\url{https://www.geeksforgeeks.org/print-binary-tree-2-dimensions/}}
}